@book{hinrichsen:bruckner,
	author = {Hans-Joachim Hinrichsen},
	title = {Bruckners Sinfonien},
	subtitle = {Ein musikalischer Werkführer},
	publisher = {C.H.Beck},
	date = {2016},
	location = {München}
}


@online{wiki:bruckner4,
	author = {Wikipedia},
	title = {Symphony No. 4 (Bruckner)},
	subtitle = {Versions},
	year = 2018,
	url = {https://en.wikipedia.org/wiki/Symphony_No._4_(Bruckner)#Versions},
	urldate = {2018-06-29}
}

@book{roeder:bruckner,
	author = {Thomas Röder},
	title = {????? Auf dem Weg zur Bruckner-Symphonie},
	subtitle = {Untersuchungen zu den ersten beiden Fassungen von Anton Bruckners 3. Symphonie},
	publisher = {Franz Steiner Verlag},
	date = {1987},
	location = {Stuttgart}
}

@incollection{heinze:bruckner,
	author = {Rüdiger Heinze},
	title = {Anton Bruckner und das Romantische},
	subtitle = {Hornsignal und Vogelruf},
	booktitle = {Die Symphonien Bruckners},
	booksubtitle = {Entstehung, Deutung, Wirkung},
	publisher = {Bärenreiter},
	date = {2015},
	location = {Kassel, Basel, London, New York, Praha},
	edition = {5},
	editor = {Renate Ulm},
	foreword = {Maazel, Lorin},
	series = {Bärenreiter Werkeinführungen},
	pages = {127-134}
}
